@article{Koblitz1987,
	title        = {Elliptic Curve Cryptosystems},
	author       = {Koblitz, Neal},
	year         = 1987,
	journal      = {Mathematics of Computation},
	publisher    = {American Mathematical Society (AMS)},
	volume       = 48,
	number       = 177,
	pages        = {203--209},
	doi          = {10/fpsbk9},
	issn         = {1088-6842},
}

@article{Levin2003,
	title        = {The Tale of One-Way Functions},
	author       = {Levin, L. A.},
	year         = 2003,
	journal      = {Problems of Information Transmission},
	publisher    = {Springer Science and Business Media LLC},
	volume       = 39,
	number       = 1,
	pages        = {92--103},
	doi          = {10/fbwskh},
	issn         = {0032-9460},
}
