@Article{Benarroch2023,
  author       = {Benarroch, Daniel and Campanelli, Matteo and Fiore, Dario and Gurkan, Kobi and Kolonelos, Dimitris},
  title        = {Zero-Knowledge Proofs for Set Membership: Efficient, Succinct, Modular},
  issn         = {1573-7586},
  number       = {11},
  pages        = {3457--3525},
  volume       = {91},
  date         = {2023-07},
  doi          = {10/gt2qp8},
  file         = {:Benarroch2023 - Zero Knowledge Proofs for Set Membership_ Efficient, Succinct, Modular.pdf:PDF},
  journaltitle = {Designs, Codes and Cryptography},
  publisher    = {Springer Science and Business Media LLC},
}

@Misc{Campanelli2021,
  author       = {Campanelli, Matteo and Fiore, Dario and Han, Semin and Kim, Jihye and Kolonelos, Dimitris and Oh, Hyunok},
  howpublished = {Cryptology ePrint Archive, Paper 2021/1672},
  title        = {Succinct Zero-Knowledge Batch Proofs for Set Accumulators},
  date         = {2021},
  doi          = {10/gsh9dx},
  file         = {:Campanelli2021 - Succinct Zero Knowledge Batch Proofs for Set Accumulators.pdf:PDF},
  url          = {https://eprint.iacr.org/2021/1672},
}

@Misc{Campanelli2022,
  author       = {Campanelli, Matteo and Hall-Andersen, Mathias and Kamp, Simon Holmgaard},
  howpublished = {Cryptology ePrint Archive, Paper 2022/756},
  title        = {Curve Trees: Practical and Transparent Zero-Knowledge Accumulators},
  date         = {2022},
  file         = {:Campanelli2022 - Curve Trees_ Practical and Transparent Zero Knowledge Accumulators.pdf:PDF},
  url          = {https://eprint.iacr.org/2022/756},
}

@InBook{Boneh2019,
  author       = {Boneh, Dan and B{\"{u}}nz, Benedikt and Fisch, Ben},
  pages        = {561--586},
  publisher    = {Springer International Publishing},
  title        = {Batching Techniques for Accumulators with Applications to {IOPs} and Stateless Blockchains},
  year         = {2019},
  isbn         = {9783030269487},
  booktitle    = {Lecture Notes in Computer Science},
  date         = {2018},
  doi          = {10/gt3zd6},
  file         = {:Boneh2019 - Batching Techniques for Accumulators with Applications to IOPs and Stateless Blockchains.pdf:PDF},
  howpublished = {Cryptology ePrint Archive, Paper 2018/1188},
  issn         = {1611-3349},
  url          = {https://eprint.iacr.org/2018/1188},
}

@InBook{Catalano2013,
  author       = {Catalano, Dario and Fiore, Dario},
  pages        = {55--72},
  publisher    = {Springer Berlin Heidelberg},
  title        = {Vector Commitments and Their Applications},
  year         = {2013},
  isbn         = {9783642363627},
  booktitle    = {Lecture Notes in Computer Science},
  date         = {2011},
  doi          = {10/gqmmhc},
  file         = {:Catalano2013 - Vector Commitments and Their Applications.pdf:PDF},
  howpublished = {Cryptology ePrint Archive, Paper 2011/495},
  issn         = {1611-3349},
  url          = {https://eprint.iacr.org/2011/495},
}

@PhdThesis{Kolonelos2023,
  author      = {Kolonelos, Dimitrios Stylianos},
  school      = {Universidad Politecnica de Madrid - University Library},
  title       = {Succinct Cryptographic Commitments with Fine-Grained Openings for Decentralized Environments},
  date        = {2023},
  doi         = {10/gt3zd7},
  file        = {:Kolonelos2023 - Succinct Cryptographic Commitments with Fine Grained Openings for Decentralized Environments.pdf:PDF},
  institution = {Universidad Polit{\'{e}}cnica de Madrid},
}

@InBook{Balbas2023,
  author       = {Balb{\'{a}}s, David and Catalano, Dario and Fiore, Dario and Lai, Russell W. F.},
  pages        = {363--393},
  publisher    = {Springer Nature Switzerland},
  title        = {Chainable Functional Commitments For{~}unbounded-Depth Circuits},
  isbn         = {9783031486210},
  booktitle    = {Lecture Notes in Computer Science},
  date         = {2023},
  doi          = {10/gt3zd5},
  file         = {:Balbas2023 - Chainable Functional Commitments For{~}Unbounded Depth Circuits.pdf:PDF},
  howpublished = {Cryptology ePrint Archive, Paper 2022/1365},
  issn         = {1611-3349},
  url          = {https://eprint.iacr.org/2022/1365},
}

@Misc{Libert2016,
  author       = {Libert, Beno{\^{i}}t and Ramanna, Somindu C. and Yung, Moti},
  howpublished = {Cryptology ePrint Archive, Paper 2016/766},
  title        = {Functional Commitment Schemes: From Polynomial Commitments to Pairing-Based Accumulators from Simple Assumptions},
  date         = {2016},
  file         = {:C\:/Users/agnid/Downloads/2016-766.pdf:PDF},
  url          = {https://eprint.iacr.org/2016/766},
}

@InProceedings{Gorbunov2015,
  author       = {Gorbunov, Sergey and Vaikuntanathan, Vinod and Wichs, Daniel},
  booktitle    = {Proceedings of the forty-seventh annual ACM symposium on Theory of Computing},
  title        = {Leveled Fully Homomorphic Signatures from Standard Lattices},
  publisher    = {ACM},
  series       = {STOC {\textquoteright}15},
  collection   = {STOC {\textquoteright}15},
  date         = {2015-06},
  doi          = {10/gqmmkf},
  file         = {:Gorbunov2015 - Leveled Fully Homomorphic Signatures from Standard Lattices.pdf:PDF},
  howpublished = {Cryptology ePrint Archive, Paper 2014/897},
  url          = {https://eprint.iacr.org/2014/897},
}

@Comment{jabref-meta: databaseType:bibtex;}
